%% This BibTeX bibliography file was created using BibDesk.
%% http://bibdesk.sourceforge.net/


%% Created for Jesse B. Hannah at 2015-06-02 22:53:46 -0700 


%% Saved with string encoding Unicode (UTF-8) 



@book{rjjacob,
	Author = {Richard J. Jacob and Richard F. Lebed},
	Date-Added = {2015-06-03 05:20:25 +0000},
	Date-Modified = {2015-06-03 05:53:45 +0000},
	Edition = {Third},
	Publisher = {Arizona State University},
	Title = {Tutorials in the Mathematical Methods of Physics},
	Year = {2003}}
